<mx:record xmlns:v="http://viaf.org/viaf/terms#" xmlns:srw="http://www.loc.gov/zing/srw/"
           xmlns:mx="http://www.loc.gov/MARC21/slim">
   <mx:leader>00000nz##a22.....n..4500</mx:leader>
   <mx:controlfield tag="001">viaf56956295</mx:controlfield>
   <mx:controlfield tag="003">OCoLC</mx:controlfield>
   <mx:controlfield tag="008">151121n||azznnabbn##########|a#aaa####|#</mx:controlfield>
   <mx:datafield tag="024" ind1="7" ind2=" ">
      <mx:subfield code="a">http://viaf.org/viaf/56956295</mx:subfield>
      <mx:subfield code="2">uri</mx:subfield>
   </mx:datafield>
   <mx:datafield tag="040" ind1=" " ind2=" ">
      <mx:subfield code="a">VIAF</mx:subfield>
      <mx:subfield code="c">VIAF</mx:subfield>
   </mx:datafield>
   <mx:datafield ind1="0" ind2=" " tag="400">
      <mx:subfield code="a">Lisis</mx:subfield>
      <mx:subfield code="0">(WKP)Q720939</mx:subfield>
   </mx:datafield>
   <mx:datafield ind1="0" ind2=" " tag="100">
      <mx:subfield code="a">Lysis</mx:subfield>
      <mx:subfield code="c">Tarentinus</mx:subfield>
      <mx:subfield code="d">v4./2. Jh.</mx:subfield>
      <mx:subfield code="0">(DNB)100372252</mx:subfield>
   </mx:datafield>
   <mx:datafield ind1="0" ind2=" " tag="400">
      <mx:subfield code="a">Liside</mx:subfield>
      <mx:subfield code="c">filosofo greco antico</mx:subfield>
      <mx:subfield code="2">WKP</mx:subfield>
   </mx:datafield>
   <mx:datafield ind1="0" ind2=" " tag="400">
      <mx:subfield code="a">Lisis de Tarento</mx:subfield>
      <mx:subfield code="2">WKP</mx:subfield>
   </mx:datafield>
   <mx:datafield ind1="0" ind2=" " tag="400">
      <mx:subfield code="a">Lysis de Tarente</mx:subfield>
      <mx:subfield code="c">philosophe antique</mx:subfield>
      <mx:subfield code="2">WKP</mx:subfield>
   </mx:datafield>
   <mx:datafield ind1="0" ind2=" " tag="400">
      <mx:subfield code="a">Lysis of Tarentum</mx:subfield>
      <mx:subfield code="2">SUDOC</mx:subfield>
   </mx:datafield>
   <mx:datafield ind1="0" ind2=" " tag="400">
      <mx:subfield code="a">Lysis</mx:subfield>
      <mx:subfield code="c">Philosoph der Antike</mx:subfield>
      <mx:subfield code="2">WKP</mx:subfield>
   </mx:datafield>
   <mx:datafield ind1="0" ind2=" " tag="400">
      <mx:subfield code="a">Lysis</mx:subfield>
      <mx:subfield code="c">Pythagoreus</mx:subfield>
      <mx:subfield code="d">v4./2. Jh.</mx:subfield>
      <mx:subfield code="2">DNB</mx:subfield>
   </mx:datafield>
   <mx:datafield ind1="0" ind2=" " tag="400">
      <mx:subfield code="a">Lysis</mx:subfield>
      <mx:subfield code="c">von Tarent</mx:subfield>
      <mx:subfield code="d">v4./2. Jh.</mx:subfield>
      <mx:subfield code="2">DNB</mx:subfield>
   </mx:datafield>
   <mx:datafield ind1="0" ind2=" " tag="400">
      <mx:subfield code="a">Pseudo-Lysis</mx:subfield>
      <mx:subfield code="2">SUDOC</mx:subfield>
   </mx:datafield>
   <mx:datafield ind1="0" ind2=" " tag="400">
      <mx:subfield code="a">Tarentoko Lisis</mx:subfield>
      <mx:subfield code="2">WKP</mx:subfield>
   </mx:datafield>
   <mx:datafield ind1="0" ind2=" " tag="400">
      <mx:subfield code="a">Tarentumi Lüszisz</mx:subfield>
      <mx:subfield code="2">WKP</mx:subfield>
   </mx:datafield>
   <mx:datafield ind1="0" ind2=" " tag="400">
      <mx:subfield code="a">Λύσις</mx:subfield>
      <mx:subfield code="2">WKP</mx:subfield>
   </mx:datafield>
   <mx:datafield ind1="0" ind2=" " tag="400">
      <mx:subfield code="a">Лисид</mx:subfield>
      <mx:subfield code="2">WKP</mx:subfield>
   </mx:datafield>
   <mx:datafield ind1="0" ind2=" " tag="400">
      <mx:subfield code="a">ליזיס</mx:subfield>
      <mx:subfield code="2">WKP</mx:subfield>
   </mx:datafield>
   <mx:datafield tag="856" ind1="4" ind2="0">
      <mx:subfield code="u">http://viaf.org/viaf/56956295</mx:subfield>
   </mx:datafield>
   <mx:datafield tag="856" ind1="4" ind2="2">
      <mx:subfield code="u">http://viaf.org/viaf/data</mx:subfield>
      <mx:subfield code="z">Dataset description</mx:subfield>
   </mx:datafield>
 </mx:record>